
@InProceedings{sumo-mapping,
  author = 	 {Niles, I. and Pease, A.},
  title = 	 {Linking Lexicons and Ontologies: Mapping WordNet to the Suggested Upper Merged Ontology},
  OPTcrossref =  {},
  OPTkey = 	 {},
  booktitle =	 {Proceedings of the 2003 International Conference on Information and Knowledge Engineering},
  year =	 {2003},
  OPTeditor = 	 {},
  OPTvolume = 	 {},
  OPTnumber = 	 {},
  OPTseries = 	 {},
  OPTpages = 	 {},
  OPTmonth = 	 {},
  address =	 {Las Vegas, Nevada},
  OPTorganization = {},
  OPTpublisher = {},
  OPTnote = 	 {},
  OPTannote = 	 {}
}

@InProceedings{survey-wordnet,
  author = 	 {Francis Bond and Kyonghee Paik},
  title = 	 {A survey of wordnets and their licenses},
  OPTcrossref =  {},
  OPTkey = 	 {},
  booktitle =	 {Proceedings of the 6th Global WordNet Conference (GWC 2012)},
  year =	 {2012},
  OPTeditor = 	 {},
  OPTvolume = 	 {},
  OPTnumber = 	 {},
  OPTseries = 	 {},
  OPTpages = 	 {},
  OPTmonth = 	 {},
  address =	 {Matsue},
  OPTorganization = {},
  OPTpublisher = {},
  OPTnote = 	 {},
  OPTannote = 	 {}
}

@article{ontoPT,
  author = {Hugo {Gon\c{c}alo Oliveira} and Leticia Ant\'on P\'erez and Hernani Costa and Paulo Gomes},
  date-added = {2012-01-09 14:25:00 +0000},
  date-modified = {2012-01-09 14:40:33 +0000},
  journal = {{L}inguam\'atica},
  month = {December},
  number = {2},
  pages = {23--38},
  title = {Uma rede l\'exico-sem\^antica de grandes dimens\~oes para o portugu\^es, extra\'ida a partir de dicion\'arios electr\'onicos},
  url = {http://linguamatica.com/index.php/linguamatica/article/download/116/136},
  volume = {3},
  year = {2011},
  bdsk-url-1 = {http://linguamatica.com/index.php/linguamatica/article/download/116/136}
}

@book{wordnet,
  title={WordNet: An electronic lexical database},
  author={Fellbaum, C.},
  year={1998},
  publisher={The MIT press}
}

@Misc{corpusPT,
 author = {Davies, Mark and Michael Ferreira},
 year = {2006--},
 title = {Corpus do Portugu\^es: 45 million words, 1300s-1900s},
 note = {Available online at \url{http://www.corpusdoportugues.org}.}
}

@InProceedings{mam:2011:DIALECTS,
  author    = {Marrafa, Palmira  and  Amaro, Raquel  and  Mendes, Sara},
  title     = {WordNet.PT global -- Extending WordNet.PT to Portuguese varieties},
  booktitle = {Proceedings of the First Workshop on Algorithms and Resources for Modelling of Dialects and Language Varieties},
  month     = {July},
  year      = {2011},
  address   = {Edinburgh, Scotland},
  publisher = {Association for Computational Linguistics},
  pages     = {70--74},
  url       = {http://www.aclweb.org/anthology/W11-2609}
}

@inproceedings{crouch2005,
  title={Unifying lexical resources},
  author={Crouch, D. and King, T.H.},
  booktitle={Proceedings of the Interdisciplinary Workshop on the Identification and Representation of Verb Features and Verb Classes},
  year={2005},
  address = {Saarbruecken, Germany},
}

@article{til2,
  title={Textual inference logic: Take two},
  author={De Paiva, V. and Bobrow, DG and Condoravdi, C. and Crouch, R. and Karttunen, L. and King, TH and Nairn, R. and Zaenen, A.},
  journal={Proceedings of the Workshop on Contexts and Ontologies, Representation and Reasoning},
  pages={27},
  year={2007},
}

@inproceedings{suchanek2007WWW,
 author = {Fabian M. Suchanek and Gjergji Kasneci and Gerhard Weikum},
 title = {{Yago: A Core of Semantic Knowledge}},
 booktitle = {16th international World Wide Web conference (WWW 2007)},
 year = {2007},
 location = {Banff, Canada},
 publisher = {ACM Press},
 address = {New York, NY, USA}
}

@inproceedings{niles2001towards,
  title={Towards a standard upper ontology},
  author={Niles, I. and Pease, A.},
  booktitle={Proceedings of the international conference on Formal Ontology in Information Systems-Volume 2001},
  pages={2--9},
  year={2001},
  organization={ACM}
}

@inproceedings{daude2000mapping,
  title={Mapping wordnets using structural information},
  author={Daud{\'e}, J. and Padr{\'o}, L. and Rigau, G.},
  booktitle={Proceedings of the 38th Annual Meeting on Association for Computational Linguistics},
  pages={504--511},
  year={2000},
  organization={Association for Computational Linguistics},
  note = {\url{http://nlp.lsi.upc.edu/web/index.php?option=com_content&task=view&id=21&Itemid=57}},
}

@inproceedings{de2010menta,
  title={MENTA: inducing multilingual taxonomies from wikipedia},
  author={de Melo, G. and Weikum, G.},
  booktitle={Proceedings of the 19th ACM international conference on Information and knowledge management},
  pages={1099--1108},
  year={2010},
  organization={ACM}
}

@inproceedings{stamou2002balkanet,
  title={BALKANET A Multilingual Semantic Network for the Balkan Languages},
  author={Stamou, S. and Oflazer, K. and Pala, K. and Christoudoulakis, D. and Cristea, D. and Tufis, D. and Koeva, S. and Totkov, G. and Dutoit, D. and Grigoriadou, M.},
  booktitle={Proceedings of the International Wordnet Conference, Mysore, India},
  pages={21--25},
  year={2002}
}

@inproceedings{bento,
 Author = {Dias-Da-Silva, B. C. and Moraes, H. R. and Oliveira, M. F. and Hasegawa, R. and Amorim, D. A. and Paschoalino, C. and Nascimento, A. C.},
 title = {Constru\c{c}\~ao de um thesaurus eletr\^onico para o portugu\^es do Brasil},
 booktitle = {Processamento Computacional do Portugu\^es escrito e falado (Propor)},
 year = 2000,
 vol = 4,
 pages = {1--10},
}

@techreport{carolina,
 title = {Heran\c{c}a Autom\'atica das Rela\c{c}\~oes de Hiper\^onimia para a WordNet.Br},
 author = {Carolina Scarton and Sandra Aluisio},
 year = {2009},
 number = {NILC-TR-09-10},
 address = {Sao Carlos, SP, Brazil},
 institution = {USP},
}

@article{cyc,
  title={CYC: A large-scale investment in knowledge infrastructure},
  author={Lenat, D.B.},
  journal={Communications of the ACM},
  volume={38},
  number={11},
  pages={33--38},
  year={1995},
  publisher={ACM}
}

@incollection{vampire,
   author = {Ganzinger, Harald and Riazanov, Alexandre and Voronkov, Andrei},
   affiliation = {University of Manchester Computer Science Department UK},
   title = {Vampire},
   booktitle = {Automated Deduction â€” CADE-16},
   series = {Lecture Notes in Computer Science},
   publisher = {Springer Berlin / Heidelberg},
   isbn = {978-3-540-66222-8},
   keyword = {Computer Science},
   pages = {674-674},
   volume = {1632},
   url = {\url{http://dx.doi.org/10.1007/3-540-48660-7_26}},
   year = {1999}
}

@article{benzmueller2010multimodal,
  title={Multimodal and intuitionistic logics in simple type theory},
  author={Benzmueller, C. and Paulson, L.C.},
  journal={Logic Journal of IGPL},
  volume={18},
  number={6},
  pages={881},
  year={2010},
  publisher={Oxford Univ Press}
}

@inproceedings{de2008integrating,
  title={Integrating YAGO into the Suggested Upper Merged Ontology},
  author={De Melo, G. and Suchanek, F. and Pease, A.},
  booktitle={Tools with Artificial Intelligence, 2008. ICTAI'08. 20th IEEE International Conference on},
  volume={1},
  pages={190--193},
  year={2008},
  organization={IEEE}
}

@inproceedings{deMelo2009,
  author    = {Gerard de Melo and Gerhard Weikum},
  title     = {Towards a Universal Wordnet by Learning from Combined Evidence},
  booktitle = {Proceedings of the 18th ACM Conference on Information and Knowledge Management (CIKM 2009)},
  publisher = {ACM},
  year      = {2009},
  isbn = {978-1-60558-512-3},
  pages = {513--522},
  location = {Hong Kong, China},
  doi = {http://doi.acm.org/10.1145/1645953.1646020},
  address = {New York, NY, USA},
}

@inproceedings{deMelo2010,
  author    = {Gerard de Melo and Gerhard Weikum},
  title     = {Towards Universal Multilingual Knowledge Bases},
  booktitle = {Principles, Construction, and Applications of Multilingual Wordnets. Proceedings of the 5th {Global WordNet Conference} ({GWC} 2010)},
  editor    = {Pushpak Bhattacharyya and Christiane Fellbaum and Piek Vossen},
  location  = {Mumbai, India},
  publisher = {Narosa Publishing},
  address   = {New Delhi, India},
  year      = {2010},
  pages     = {149--156},
  isbn      = {978-81-8487-083-1},
}
